@MISC{writing_a_unix_daemon,
    author       = "Levent Karakas",
    title        = "Unix Daemon Server Programming",
    howpublished = "http://www.enderunix.org/docs/eng/daemon.php",
    year         = "2001",
    month        = "May"
}
